<?xml version="1.0" encoding="UTF-8"?><collection xmlns="http://www.loc.gov/MARC21/slim"><record><leader>00412nam--2200145-i-4500</leader><controlfield tag="001">000014272</controlfield><controlfield tag="002">20161230</controlfield><controlfield tag="005">20170219225749</controlfield><controlfield tag="008">060222s1000------------r-----000-0-eng-d</controlfield><datafield ind1=" " ind2=" " tag="245"><subfield code="a">Electronica. Culegere de probleme. (pentru subingineri)</subfield></datafield><datafield ind1=" " ind2=" " tag="260"><subfield code="a">Bucuresti</subfield><subfield code="b">Editura Didactica Si Pedagogica</subfield><subfield code="c">1982</subfield></datafield><datafield ind1=" " ind2=" " tag="300"><subfield code="a">436 p</subfield></datafield><datafield ind1=" " ind2=" " tag="700"><subfield code="a">Croitoru, Victor</subfield></datafield><datafield ind1=" " ind2=" " tag="852"><subfield code="a">621.37.38(076.1)</subfield></datafield><datafield ind1=" " ind2=" " tag="CAT"><subfield code="a">SYS</subfield><subfield code="c">20170219</subfield><subfield code="h">225749</subfield></datafield></record></collection>